<record><leader>00000cas a22000007a 4500</leader><controlfield tag="001">12955920</controlfield><controlfield tag="008">851227d186u186unyumr ne      0    0eng d</controlfield><datafield ind1=" " ind2=" " tag="010"><subfield code="a">sn 85027099 </subfield></datafield><datafield ind1=" " ind2=" " tag="040"><subfield code="a">NPX</subfield><subfield code="b">eng</subfield><subfield code="c">NPX</subfield><subfield code="d">OCLCQ</subfield><subfield code="d">UAB</subfield><subfield code="d">OCLCF</subfield><subfield code="d">OCLCO</subfield></datafield><datafield ind1=" " ind2=" " tag="042"><subfield code="a">msc</subfield></datafield><datafield ind1="0" ind2="4" tag="245"><subfield code="a">The Artificer, or Manufacturers' journal.</subfield></datafield><datafield ind1="3" ind2="0" tag="246"><subfield code="a">Manufacturers' journal</subfield></datafield><datafield ind1="1" ind2="3" tag="246"><subfield code="a">Artificer</subfield></datafield><datafield ind1=" " ind2=" " tag="260"><subfield code="a">Seneca Falls, N.Y. :</subfield><subfield code="b">Downs &amp; Co's Manufacturing Co.</subfield></datafield><datafield ind1=" " ind2=" " tag="300"><subfield code="a">v.</subfield></datafield><datafield ind1=" " ind2=" " tag="310"><subfield code="a">Monthly</subfield></datafield><datafield ind1=" " ind2=" " tag="588"><subfield code="a">Description based on: Vol. 3, no. 11 (Feb. 1864).</subfield></datafield><datafield ind1=" " ind2="0" tag="650"><subfield code="a">Manufactures</subfield><subfield code="v">Periodicals.</subfield></datafield><datafield ind1=" " ind2="7" tag="655"><subfield code="a">Periodicals.</subfield><subfield code="2">fast</subfield><subfield code="0">(OCoLC)fst01411641</subfield></datafield><datafield ind1=" " ind2="7" tag="650"><subfield code="a">Manufactures.</subfield><subfield code="2">fast</subfield><subfield code="0">(OCoLC)fst01007993</subfield></datafield><datafield ind1=" " ind2=" " tag="752"><subfield code="a">United States</subfield><subfield code="b">New York</subfield><subfield code="c">Seneca</subfield><subfield code="d">Seneca Falls.</subfield></datafield></record>